@article{deap:article, 
     author    = " F\'elix-Antoine Fortin and Fran\c{c}ois-Michel {De Rainville} and Marc-Andr\'e Gardner and Marc Parizeau and Christian Gagn\'e ",
     title     = { {DEAP}: Evolutionary Algorithms Made Easy },
     pages    = { 2171--2175 },
     volume    = { 13 },
     month     = { jul },
     year      = { 2012 },
     journal   = { Journal of Machine Learning Research }
 }

@article{gar:article,
	   author = {Erin J. Hastingsa and Ratan K. Guha and Kenneth O. Stanley},
             title = {Evolving Content in the Galactic Arms Race Video Game.},
             journaltitle = { Proceedings of the IEEE Symposium on Computational Intelligence and Games (CIG09). Piscataway, NJ:IEEE},
             date = {2009},
}

@article{tbhw:article,
	   author = {Eric McDuffeei and Alex Pantaleev},
             title = {Team Blockhead Wars: Generating FPS Weapons in a Multiplayer Environment},
             journaltitle = {PCG2013},
             date = {2013},
}

@article{taxonomy:article,
	   author = {J. Togelius and G. Yannakakis and  K. Stanley and  C. Browne},
             title = {Search-based procedural content generation: A taxonomy and survey.},
             journaltitle = { IEEE Transactions on Computational Intelligence and AI in Game},
             number = {3},
             pages = {172-186},
             date = {2011},
}

@book{ga:article,
  added-at = {2012-12-29T01:24:39.000+0100},
  address = {New York, NY, USA},
  author = {Goldberg, David E.},
  biburl = {http://www.bibsonomy.org/bibtex/27ae824509ef87f5f6d333d700254364c/chsivic},
  interhash = {79bb58f1d9d57b042cf0f771784d4adb},
  intrahash = {7ae824509ef87f5f6d333d700254364c},
  keywords = {imported},
  owner = {chensi},
  publisher = {Addison-Wesley Longman Publishing Co., Inc.},
  timestamp = {2012-12-29T01:24:50.000+0100},
  title = {Genetic Algorithms in Search, Optimization and Machine Learning},
  year = 1989
}

@article{trackgen:article,
	   author = {Daniele Loiacono and Luigi Cardamone and Pier Luca Lanzi},
             title = {Automatic Track Generation for High-End Racing Games Using Evolutionary Computation.},
             journaltitle = {Member IEEE},
             date = {2010},
}

@article{platform:article,
	   author = {Michael Cook, Simon Colton, and Jeremy Gowi},
             title = {Initial Results From Co-operative Co-evolution for Automated Platformer Design.},
             journaltitle = {Computational Creativity Group, Imperial College, London},
             date = {2012},
}

@article{psmage:article,
  author    = {Mike Preuss and
               Daniel Kozakowski and
               Johan Hagelb{\"{a}}ck and
               Heike Trautmann},
  title     = {Reactive strategy choice in StarCraft by means of Fuzzy Control},
  booktitle = {2013 {IEEE} Conference on Computational Inteligence in Games (CIG),
               Niagara Falls, ON, Canada, August 11-13, 2013},
  pages     = {1--8},
  year      = {2013},
  crossref  = {DBLP:conf/cig/2013},
  url       = {http://dx.doi.org/10.1109/CIG.2013.6633627},
  doi       = {10.1109/CIG.2013.6633627},
  timestamp = {Mon, 21 Oct 2013 19:59:45 +0200},
  biburl    = {http://dblp.uni-trier.de/rec/bib/conf/cig/PreussKHT13},
  bibsource = {dblp computer science bibliography, http://dblp.org}
}

@article{dungeon:article,
	   author    = {Nathan Sorenson and
               Philippe Pasquier},
  title     = {Towards a Generic Framework for Automated Video Game Level Creation},
  booktitle = {Applications of Evolutionary Computation, EvoApplicatons 2010: EvoCOMPLEX,
               EvoGAMES, EvoIASP, EvoINTELLIGENCE, EvoNUM, and EvoSTOC, Istanbul,
               Turkey, April 7-9, 2010, Proceedings, Part {I}},
  pages     = {131--140},
  year      = {2010},
  crossref  = {DBLP:conf/evoW/2010a1},
  url       = {http://dx.doi.org/10.1007/978-3-642-12239-2_14},
  doi       = {10.1007/978-3-642-12239-2_14},
  timestamp = {Thu, 05 May 2011 19:36:12 +0200},
  biburl    = {http://dblp.uni-trier.de/rec/bib/conf/evoW/SorensonP10},
  bibsource = {dblp computer science bibliography, http://dblp.org}
}

@inproceedings{stucchi:article,
  author    = {Pier Luca Lanzi and
               Daniele Loiacono and
               Riccardo Stucchi},
  title     = {Evolving maps for match balancing in first person shooters},
  booktitle = {2014 {IEEE} Conference on Computational Intelligence and Games, {CIG}
               2014, Dortmund, Germany, August 26-29, 2014},
  pages     = {1--8},
  year      = {2014},
  crossref  = {DBLP:conf/cig/2014},
  url       = {http://dx.doi.org/10.1109/CIG.2014.6932901},
  doi       = {10.1109/CIG.2014.6932901},
  timestamp = {Tue, 28 Oct 2014 13:23:44 +0100},
  biburl    = {http://dblp.uni-trier.de/rec/bib/conf/cig/LanziLS14},
  bibsource = {dblp computer science bibliography, http://dblp.org}
}

@inproceedings{fpsmaps:article,
author = {Luigi Cardamone and
Georgios N. Yannakakis 
Julian Togelius and
Pier Luca Lanzi},
title = {Evolving Interesting Maps for a First Person Shooter},
booktitle = {EvoApplications (1)},
year = {2011},
pages = {63-72},
ee = {http://dx.doi.org/10.1007/978-3-642-20525-5_7},
crossref = {DBLP:conf/evoW/2011a1},
bibsource = {DBLP, http://dblp.uni-trier.de}
}

@inproceedings{dbscan:article,
    author = {Martin Ester and Hans-peter Kriegel and JÃ¶rg S and Xiaowei Xu},
    title = {A density-based algorithm for discovering clusters in large spatial databases with noise},
    booktitle = {},
    year = {1996},
    pages = {226--231},
    publisher = {AAAI Press}
}

@article{scikit-learn:article,
 title={Scikit-learn: Machine Learning in {P}ython},
 author={Pedregosa, F. and Varoquaux, G. and Gramfort, A. and Michel, V.
         and Thirion, B. and Grisel, O. and Blondel, M. and Prettenhofer, P.
         and Weiss, R. and Dubourg, V. and Vanderplas, J. and Passos, A. and
         Cournapeau, D. and Brucher, M. and Perrot, M. and Duchesnay, E.},
 journal={Journal of Machine Learning Research},
 volume={12},
 pages={2825--2830},
 year={2011}
}

@article{nsga2:article,
    author = {Kalyanmoy Deb and Amrit Pratap and Sameer Agarwal and T. Meyarivan},
    title = {A Fast Elitist Multi-Objective Genetic Algorithm: NSGA-II},
    journal = {IEEE Transactions on Evolutionary Computation},
    year = {2000},
    volume = {6},
    pages = {182--197}
}